@config{test,
  myname = {Furness, Jamie},
  jointwork = {with},
  testlevel = 1,
  nameformat = 0,
  reverse-sort = 1,
  year = {},
}
