@misc{thesistpl,
	author = {Furness, Jamie and Maternaghan, Claire and Blum, Jesse and Miede, Andr\'e},
	title = {{Stirling University Insititude of Computing Science and Mathematics PhD Thesis Template}},
	url = {https://github.com/reines/stir-thesis-template},
	year = {2012}
}

